@article{camerer1997labor,
  title={Labor supply of New York City cabdrivers: One day at a time},
  author={Camerer, Colin and Babcock, Linda and Loewenstein, George and Thaler, Richard},
  journal={The Quarterly Journal of Economics},
  volume={112},
  number={2},
  pages={407--441},
  year={1997},
  publisher={Oxford University Press}
}

@article{cramer2016disruptive,
  title={Disruptive change in the taxi business: The case of Uber},
  author={Cramer, Judd and Krueger, Alan B},
  journal={The American Economic Review},
  volume={106},
  number={5},
  pages={177--182},
  year={2016},
  publisher={American Economic Association}
}

@article{farber2008reference,
  title={Reference-dependent preferences and labor supply: The case of New York City taxi drivers},
  author={Farber, Henry S},
  journal={The American Economic Review},
  volume={98},
  number={3},
  pages={1069--1082},
  year={2008},
  publisher={American Economic Association}
}

@article{farber2015you,
  title={Why you can’t find a taxi in the rain and other labor supply lessons from cab drivers},
  author={Farber, Henry S},
  journal={The Quarterly Journal of Economics},
  volume={130},
  number={4},
  pages={1975--2026},
  year={2015},
  publisher={Oxford University Press}
}

@article{frechette2016frictions,
  title={Frictions in a Competitive, Regulated Market Evidence from Taxis},
  author={Frechette, Guillaume R and Lizzeri, Alessandro and Salz, Tobias},
  year={2016},
  journal={Working paper}
}

@article{farber2005tomorrow,
  title={Is tomorrow another day? The labor supply of New York City cabdrivers},
  author={Farber, Henry S},
  journal={Journal of political Economy},
  volume={113},
  number={1},
  pages={46--82},
  year={2005},
  publisher={The University of Chicago Press}
}

@article{crawford2011new,
  title={New york city cab drivers' labor supply revisited: Reference-dependent preferences with rationalexpectations targets for hours and income},
  author={Crawford, Vincent P and Meng, Juanjuan},
  journal={The American Economic Review},
  volume={101},
  number={5},
  pages={1912--1932},
  year={2011},
  publisher={American Economic Association}
}

@article{sun2016peer,
  title={Peer-to-peer sharing of private goods: Sellers’ response and consumers’ benefits},
  author={Sun, Jiong and Supangkat, Hendrarto and Balasubramanian, Siva},
  journal={Journal of the Association for Consumer Research},
  volume={1},
  number={2},
  pages={262--276},
  year={2016},
  publisher={University of Chicago Press Chicago, IL}
}

@article{varian2000buying,
  title={Buying, sharing and renting information goods},
  author={Varian, Hal R},
  journal={The Journal of Industrial Economics},
  volume={48},
  number={4},
  pages={473--488},
  year={2000},
  publisher={Wiley Online Library}
}

@article{fraiberger2015peer,
  title={Peer-to-peer rental markets in the sharing economy},
  author={Fraiberger, Samuel P and Sundararajan, Arun},
  year={2015}
}

@techreport{horton2016owning,
  title={Owning, Using and Renting: Some Simple Economics of the" Sharing Economy"},
  author={Horton, John J and Zeckhauser, Richard J},
  year={2016},
  institution={National Bureau of Economic Research}
}

@article{fremstad2015essays,
  title={Essays on Information, Income, and the Sharing Economy},
  author={Fremstad, Anders F},
  year={2015}
}

@techreport{cohen2016using,
  title={Using big data to estimate consumer surplus: The case of uber},
  author={Cohen, Peter and Hahn, Robert and Hall, Jonathan and Levitt, Steven and Metcalfe, Robert},
  year={2016},
  institution={National Bureau of Economic Research}
}

@article{lagos2003analysis,
  title={An analysis of the market for taxicab rides in New York City},
  author={Lagos, Ricardo},
  journal={International Economic Review},
  volume={44},
  number={2},
  pages={423--434},
  year={2003},
  publisher={Wiley Online Library}
}

@techreport{hall2016analysis,
  title={An analysis of the labor market for Uber’s driver-partners in the United States},
  author={Hall, Jonathan V and Krueger, Alan B},
  year={2016},
  institution={National Bureau of Economic Research}
}

@article{hall2015effects,
  title={The effects of Uber’s surge pricing: A case study},
  author={Hall, Jonathan and Kendrick, Cory and Nosko, Chris},
  journal={The University of Chicago Booth School of Business},
  year={2015}
}

@inproceedings{chen2016dynamic,
  title={Dynamic Pricing in a Labor Market: Surge Pricing and Flexible Work on the Uber Platform.},
  author={Chen, M Keith and Sheldon, Michael},
  booktitle={EC},
  pages={455},
  year={2016}
}

@article{salnikov2015openstreetcab,
  title={OpenStreetCab: Exploiting Taxi Mobility Patterns in New York City to Reduce Commuter Costs},
  author={Salnikov, Vsevolod and Lambiotte, Renaud and Noulas, Anastasios and Mascolo, Cecilia},
  journal={arXiv preprint arXiv:1503.03021},
  year={2015}
}

@techreport{buchholz2016spatial,
  title={Spatial equilibrium, search frictions and efficient regulation in the taxi industry},
  author={Buchholz, Nicholas},
  year={2016},
  institution={Working paper}
}

@book{wildride2017,
  title={Wild Ride: Inside Uber's quest for world domination},
  author={Lashinsky, Adam},
  year={2017},
  publisher={Portfolio/Penguin}
}

@inproceedings{chen2015peeking,
  title={Peeking beneath the hood of uber},
  author={Chen, Le and Mislove, Alan and Wilson, Christo},
  booktitle={Proceedings of the 2015 ACM Conference on Internet Measurement Conference},
  pages={495--508},
  year={2015},
  organization={ACM}
}

@article{sheldon2015income,
  title={Income targeting and the ride-sharing market},
  author={Sheldon, Michael},
  journal={Work. Pap., Univ. Chicago},
  year={2015}
}

@article{leah2016quit,
  title={When to Quit: Narrow Bracketing and Reference Dependence in Taxi Drivers},
  author={Leah-Martin, Vincent},
  journal={Browser Download This Paper},
  year={2016}
}

@article{chou2002testing,
  title={Testing alternative models of labour supply: Evidence from taxi drivers in Singapore},
  author={Chou, Yuan K},
  journal={The Singapore Economic Review},
  volume={47},
  number={01},
  pages={17--47},
  year={2002},
  publisher={World Scientific}
}

@article{shreiber1975economic,
  title={The economic reasons for price and entry regugation of taxicabs},
  author={Shreiber, Chanoch},
  journal={Journal of Transport Economics and Policy},
  pages={268--279},
  year={1975},
  publisher={JSTOR}
}